# Articles 
@inproceedings{survey:static-analysis,
    author={Ghaleb, Asem and Pattabiraman, Karthik},
    title={How effective are smart contract analysis tools? Evaluating smart contract static analysis tools using bug injection},
    year={2020},
    isbn={9781450380089},
    publisher={Association for Computing Machinery},
    address={New York, NY, USA},
    url={https://doi.org/10.1145/3395363.3397385},
    doi={10.1145/3395363.3397385},
    booktitle={Proceedings of the 29th ACM SIGSOFT International Symposium on Software Testing and Analysis},
    pages={415--427},
    numpages={13},
    series={ISSTA 2020}
}

@article{survey:detection, 
    title={A Survey of Ethereum Smart Contract Security: Attacks and Detection}, 
    author={Jiao, Tengyun and Xu, Zhiyu and Qi, Minfeng and Wen, Sheng and Xiang, Yang and Nan, Gary}, 
    journal={Distributed Ledger Technologies: Research and Practice}, 
    issn={2769-6480}, 
    doi={10.1145/3643895}, 
    url={https://dl.acm.org/doi/full/10.1145/3643895},
    pages={1--28}, 
    number={3}, 
    volume={3}, 
    year={2024},
    month={Sep}
}

@inproceedings{pomabuster,
    title={POMABuster: Detecting Price Oracle Manipulation Attacks in Decentralized Finance},
    author={Xi, Rui and Wang, Zehua and Pattabiraman, Karthik},
    booktitle={2024 IEEE Symposium on Security and Privacy (SP)},
    doi={10.1109/SP54263.2024.00257},
    url={https://www.computer.org/csdl/proceedings-article/sp/2024/313000a240/1WPcYZSX6Jq},
    pages={240--240},
    year={2024},
    organization={IEEE Computer Society}
}

@inproceedings{attack-contract-detection, 
    year={2024},
    title={Uncover the Premeditated Attacks: Detecting Exploitable Reentrancy Vulnerabilities by Identifying Attacker Contracts}, 
    author={Roychoudhury, Abhik and Paiva, Ana and Abreu, Rui and Storey, Margaret and Yang, Shuo and Chen, Jiachi and Huang, Mingyuan and Zheng, Zibin and Huang, Yuan}, 
    booktitle={Proceedings of the IEEE/ACM 46th International Conference on Software Engineering},
    doi={10.1145/3597503.3639153}, 
    url={https://dl.acm.org/doi/abs/10.1145/3597503.3639153}, 
    pages={1573--1584}, 
    month={Apr}
}

@inproceedings{turn-the-rudder, 
    year={2023},
    title={Turn the Rudder: A Beacon of Reentrancy Detection for Smart Contracts on Ethereum}, 
    author={Zheng, Zibin and Zhang, Neng and Su, Jianzhong and Zhong, Zhijie and Ye, Mingxi and Chen, Jiachi}, 
    booktitle={2023 IEEE/ACM 45th International Conference on Software Engineering (ICSE)},
    issn={1558-1225}, 
    doi={10.1109/icse48619.2023.00036}, 
    url={https://ieeexplore.ieee.org/abstract/document/10172623}, 
    pages={295--306}, 
    month={Jul}
}

@inproceedings{rethinking-of-reentrancy, 
    year={2022},
    title={Rethinking of Reentrancy on the Ethereum}, 
    author={Tang, YuXing and Li, ZiHao and Bai, YanXu}, 
    booktitle={2021 IEEE Intl Conf on Dependable, Autonomic and Secure Computing, Intl Conf on Pervasive Intelligence and Computing, Intl Conf on Cloud and Big Data Computing, Intl Conf on Cyber Science and Technology Congress (DASC/PiCom/CBDCom/CyberSciTech)},
    doi={10.1109/dasc-picom-cbdcom-cyberscitech52372.2021.00025}, 
    url={https://ieeexplore.ieee.org/abstract/document/9730357}, 
    pages={68--75}, 
    volume={00}, 
    month={Mar}
}

@article{smartreco, 
    year={2024},
    title={SmartReco: Detecting Read-Only Reentrancy via Fine-Grained Cross-DApp Analysis}, 
    author={Zhang, Jingwen and Zheng, Zibin and Nan, Yuhong and Ye, Mingxi and Ning, Kaiwen and Zhang, Yu and Zhang, Weizhe}, 
    journal={arXiv}, 
    doi={10.48550/arxiv.2409.18468}, 
    eprint={2409.18468}, 
    url={https://arxiv.org/abs/2409.18468}, 
    month={Sep}
}

@inproceedings{clairvoyance, 
    year={2020}, 
    title={Cross-contract Static Analysis for Detecting Practical Reentrancy Vulnerabilities in Smart Contracts}, 
    author={Grundy, John and Goues, Claire Le and Lo, David and Xue, Yinxing and Ma, Mingliang and Lin, Yun and Sui, Yulei and Ye, Jiaming and Peng, Tianyong}, 
    booktitle={Proceedings of the 35th IEEE/ACM International Conference on Automated Software Engineering},
    doi={10.1145/3324884.3416553}, 
    url={https://dl.acm.org/doi/abs/10.1145/3324884.3416553}, 
    pages={1029--1040}, 
    month={Oct}
}

@inproceedings{oyente, 
    year={2016}, 
    keywords={Detection,Static}, 
    author={Weippl, Edgar and Katzenbeisser, Stefan and Kruegel, Christopher and Myers, Andrew and Halevi, Shai and Luu, Loi and Chu, Duc-Hiep and Olickel, Hrishi and Saxena, Prateek and Hobor, Aquinas}, 
    title={Making Smart Contracts Smarter}, 
    booktitle={Proceedings of the 2016 ACM SIGSAC Conference on Computer and Communications Security}, 
    isbn={9781450341394}, 
    doi={10.1145/2976749.2978309}, 
    url={https://dl.acm.org/doi/abs/10.1145/2976749.2978309},
    pages={254--269}, 
    series={Proceedings of the 2016 ACM SIGSAC Conference on Computer and Communications Security}, 
    month={Oct}
}

@inproceedings{slither, 
    author={Feist, Josselin and Greico, Gustavo and Groce, Alex}, 
    title={{Slither: A Static Analysis Framework for Smart Contracts}}, 
    booktitle={2019 IEEE/ACM 2nd International Workshop on Emerging Trends in Software Engineering for Blockchain}, 
    isbn={9781728122588}, 
    doi={10.1109/wetseb.2019.00008}, 
    url={https://ieeexplore.ieee.org/document/8823898}, 
    pages={8--15}, 
    volume={00}, 
    series={2019 IEEE/ACM 2nd International Workshop on Emerging Trends in Software Engineering for Blockchain}, 
    year={2019},
    month={Sep}
}

@inproceedings{manticore, 
    author={Mossberg, Mark and Manzano, Felipe and Hennenfent, Eric and Groce, Alex and Grieco, Gustavo and Feist, Josselin and Brunson, Trent and Dinaburg, Artem}, 
    title={Manticore: A User-Friendly Symbolic Execution Framework for Binaries and Smart Contracts}, 
    booktitle={2019 34th IEEE/ACM International Conference on Automated Software Engineering}, 
    isbn={9781728125091}, 
    doi={10.1109/ase.2019.00133}, 
    url={https://ieeexplore.ieee.org/abstract/document/8952204}, 
    pages={1186--1189}, 
    volume={00}, 
    series={2019 34th IEEE/ACM International Conference on Automated Software Engineering (ASE)}, 
    publisher={IEEE}, 
    year={2020}, 
    month={Jan}
}

@inproceedings{zeus,
    title={Zeus: Analyzing Safety of Smart Contracts},
    author={Kalra, Sukrit and Goel, Seep and Dhawan, Mohan and Sharma, Subodh},
    booktitle={Ndss},
    url={https://sukritkalra.github.io/data/papers/zeus.pdf},
    pages={1--12},
    year={2018}
}

@article{vandal, 
    title={Vandal: A Scalable Security Analysis Framework for Smart Contracts}, 
    author={Brent, Lexi and Jurisevic, Anton and Kong, Michael and Liu, Eric and Gauthier, Francois and Gramoli, Vincent and Holz, Ralph and Scholz, Bernhard}, 
    journal={arXiv}, 
    doi={10.48550/arxiv.1809.03981}, 
    url={https://arxiv.org/abs/1809.03981},
    eprint={1809.03981}, 
    year={2018}, 
    month={Sep}
}

@inproceedings{securify, 
    author={Lie, David and Mannan, Mohammad and Backes, Michael and Wang, XiaoFeng and Tsankov, Petar and Dan, Andrei and Drachsler-Cohen, Dana and Gervais, Arthur and Bünzli, Florian and Vechev, Martin}, 
    title={Securify: Practical Security Analysis of Smart Contracts}, 
    booktitle={2018 ACM SIGSAC Conference on Computer and Communications Security}, 
    isbn={9781450356930}, 
    doi={10.1145/3243734.3243780}, 
    url={https://dl.acm.org/doi/abs/10.1145/3243734.3243780}, 
    pages={67--82}, 
    series={Proceedings of the 2018 ACM SIGSAC Conference on Computer and Communications Security}, 
    year={2018}, 
    month={Oct}
}

@article{sereum, 
    year={2018}, 
    title={{Sereum: Protecting Existing Smart Contracts Against Re-Entrancy Attacks}}, 
    author={Rodler, Michael and Li, Wenting and Karame, Ghassan O and Davi, Lucas}, 
    journal={arXiv}, 
    doi={10.48550/arxiv.1812.05934}, 
    eprint={1812.05934}, 
    url={https://arxiv.org/abs/1812.05934}, 
    month={Dec}
}

@inproceedings{reguard, 
    title={ReGuard: Finding Reentrancy Bugs in Smart Contracts}, 
    author={Chaudron, Michel and Crnkovic, Ivica and Chechik, Marsha and Harman, Mark and Liu, Chao and Liu, Han and Cao, Zhao and Chen, Zhong and Chen, Bangdao and Roscoe, Bill}, 
    booktitle={40th International Conference on Software Engineering: Companion Proceeedings}, 
    isbn={9781450356633}, 
    doi={10.1145/3183440.3183495},
    url={https://dl.acm.org/doi/abs/10.1145/3183440.3183495},
    pages={65--68}, 
    series={Proceedings of the 40th International Conference on Software Engineering: Companion Proceeedings}, 
    year={2018}, 
    month={May}
}

@inproceedings{contractfuzzer, 
    title={ContractFuzzer: Fuzzing Smart Contracts for Vulnerability Detection}, 
    author={Huchard, Marianne and Kästner, Christian and Fraser, Gordon and Jiang, Bo and Liu, Ye and Chan, W K}, 
    booktitle={33rd ACM/IEEE International Conference on Automated Software Engineering}, 
    isbn={9781728143767}, 
    doi={10.1145/3238147.3238177},
    url={https://dl.acm.org/doi/abs/10.1145/3238147.3238177},
    pages={259--269}, 
    volume={00}, 
    series={Proceedings of the 33rd ACM/IEEE International Conference on Automated Software Engineering}, 
    year={2018}, 
    month={Sep}
}

@article{low-level-function-use,
    title={A large-scale empirical study of low-level function use in Ethereum smart contracts and automated replacement},
    author={Xi, Rui and Pattabiraman, Karthik},
    journal={Software: Practice and Experience},
    url={https://onlinelibrary.wiley.com/doi/abs/10.1002/spe.3163},
    volume={53},
    number={3},
    pages={631--664},
    year={2023},
    publisher={Wiley Online Library}
}

@article{fuzzing-review,
    title={A Systematic Review of Fuzzing},
    author={Zhao, Xiaoqi and Qu, Haipeng and Xu, Jianliang and Li, Xiaohui and Lv, Wenjie and Wang, Gai-Ge},
    journal={Soft Computing},
    url={https://link.springer.com/article/10.1007/s00500-023-09306-2},
    volume={28},
    number={6},
    pages={5493--5522},
    year={2024},
    publisher={Springer}
}

@inproceedings{frontrunning-attacks,
    title={Sok: Transparent dishonesty: front-running attacks on blockchain},
    author={Eskandari, Shayan and Moosavi, Seyedehmahsa and Clark, Jeremy},
    booktitle={Financial Cryptography and Data Security: FC 2019 International Workshops, VOTING and WTSC, St. Kitts, St. Kitts and Nevis, February 18--22, 2019, Revised Selected Papers 23},
    url={https://link.springer.com/chapter/10.1007/978-3-030-43725-1_13},
    pages={170--189},
    year={2020},
    organization={Springer}
}

@article{backrunner,
    title={BACKRUNNER: Mitigating Smart Contract Attacks in the Real World},
    author={Shou, Chaofan and Ke, Yuanyu and Yang, Yupeng and Su, Qi and Dadosh, Or and Eli, Assaf and Benchimol, David and Lu, Doudou and Tong, Daniel and Chen, Dex and others},
    journal={arXiv},
    url={https://arxiv.org/abs/2409.06213},
    year={2024}
}

@inproceedings{verheijke2022exploratory,
    title={An exploratory study on solidity guards and ether exchange constructs},
    author={Verheijke, Darin and Rocha, Henrique},
    booktitle={Proceedings of the 5th International Workshop on Emerging Trends in Software Engineering for Blockchain},
    pages={1--8},
    url={https://dl.acm.org/doi/abs/10.1145/3528226.3528372},
    year={2022}
}

@article{nelaturu2022correct,
    title={Correct-by-design interacting smart contracts and a systematic approach for verifying ERC20 and ERC721 contracts with VeriSolid},
    author={Nelaturu, Keerthi and Mavridou, Anastasia and Stachtiari, Emmanouela and Veneris, Andreas and Laszka, Aron},
    publisher={IEEE},
    journal={IEEE Transactions on Dependable and Secure Computing},
    volume={20},
    number={4},
    pages={3110--3127},
    url={https://ieeexplore.ieee.org/abstract/document/9864250},
    year={2022}
}

@article{rahimian2021tokenhook,
    title={TokenHook: Secure ERC-20 Smart Contract},
    author={Rahimian, Reza and Clark, Jeremy},
    journal={arXiv preprint arXiv:2107.02997},
    url={https://arxiv.org/abs/2107.02997},
    year={2021}
}

@article{pinna2019massive,
    title={A massive analysis of ethereum smart contracts empirical study and code metrics},
    author={Pinna, Andrea and Ibba, Simona and Baralla, Gavina and Tonelli, Roberto and Marchesi, Michele},
    publisher={IEEE},
    journal={Ieee Access},
    volume={7},
    pages={78194--78213},
    url={https://ieeexplore.ieee.org/abstract/document/8733785},
    year={2019}
}

@article{wang2023empirical,
    title={An empirical study on real bug fixes from solidity smart contract projects},
    author={Wang, Yilin and Chen, Xiangping and Huang, Yuan and Zhu, Hao-Nan and Bian, Jing and Zheng, Zibin},
    publisher={Elsevier},
    journal={Journal of Systems and Software},
    volume={204},
    pages={111787},
    url={https://www.sciencedirect.com/science/article/pii/S0164121223001826},
    year={2023}
}

@dataset{our-dataset,
  author={Liu, Yuqi and Rui, Xi and Pattabiraman, Karthik},
  title={Dataset and Reproducibility for Reentrancy Redux: The Evolution of Real-World Reentrancy Attacks on Blockchains},
  month={Mar},
  year={2025},
  publisher={Zenodo},
  version={1.0.0},
  doi={10.5281/zenodo.15112729},
  url={https://doi.org/10.5281/zenodo.15112729},
}

# Attack Reports
@misc{attack-report:the-dao,
    title={Analysis of The DAO Exploit},
    url={https://web.archive.org/web/20241201011331/https://hackingdistributed.com/2016/06/18/analysis-of-the-dao-exploit/},
    journal={Hacking Distributed},
    author={Daian, Phil},
    year={2016},
    month={Jun} 
}

@misc{attack-report:jaypeggers,
    title={JAY Token Exploit - Reentrancy Attack},
    url={https://web.archive.org/web/20241205043544/https://blog.solidityscan.com/jay-token-exploit-reentrancy-attack-d7a4923b6333},
    journal={Medium},
    publisher={SolidityScan},
    author={Shashank},
    year={2023},
    month={Jan}
}

@misc{attack-report:lendf-me,
    title={SlowMist: Details of Lendf.Me Reentrancy Attack},
    url={https://web.archive.org/web/20241207005214/https://slowmist.medium.com/slowmist-details-of-lendf-me-reentrancy-attack-3e168ab5f2b1},
    journal={Medium},
    author={SlowMist},
    year={2020},
    month={Apr}
}

@misc{attack-report:creature-toadz,
    title={ExploitedToadz, A Technical Deepdive},
    url={https://web.archive.org/web/20241207005527/https://medium.com/@ItsCuzzo/exploitedtoadz-a-technical-deepdive-9ceabf46d0ce},
    journal={Medium},
    author={Alan},
    year={2021},
    month={Oct}
}

@misc{attack-report:hype-beans,
    title={When “SafeMint” Becomes Unsafe: Lessons from the HypeBears Security Incident},
    url={https://web.archive.org/web/20241207010234/https://blocksecteam.medium.com/when-safemint-becomes-unsafe-lessons-from-the-hypebears-security-incident-2965209bda2a},
    journal={Medium},
    author={BlockSec},
    year={2022},
    month={Feb}
}

@misc{attack-report:revest-finance,
    title={Revest Finance Incident Analysis},
    url={https://web.archive.org/web/20241207005731/https://slowmist.medium.com/revest-finance-incident-analysis-6fcd9b6be207},
    journal={Medium},
    author={SlowMist},
    year={2022},
    month={Mar}
}

@misc{attack-report:defipie,
    title={Preventing Re-entrancy Attacks - Lessons from History},
    url={https://web.archive.org/web/20250105114210/https://medium.com/amber-group/preventing-re-entrancy-attacks-lessons-from-history-c2d96480fac3},
    journal={Medium},
    publisher={Amber Group},
    author={{Amber Group}},
    year={2021},
    month={Sep}
}

@misc{attack-report:abracadabra-money,
    title={Cauldron V4 Post Mortem},
    url={https://web.archive.org/web/20241207005250/https://mirror.xyz/0x5744b051845B62D6f5B6Db095cc428bCbBBAc6F9/47LK6nUpMrVsYzfCYBTyZsc_7t5Sh5onxO8sSEotNMY},
    journal={Mirror.xyz},
    author={{Abracadabra Money}},
    year={2023}
}

@misc{attack-report:barley-finance,
    title={Analysis of the Barley Finance Exploit}, url={https://web.archive.org/web/20250424032214/https://medium.com/neptune-mutual/analysis-of-the-barley-finance-exploit-d2df61b98c80},
    journal={Medium},
    publisher={Medium},
    author={{Neptune Mutual}},
    year={2024},
    month={Mar}
}

@misc{bnb-brokers-newsletter,
    title={BlockThreat - Week 17, 2022},
    url={https://web.archive.org/web/20250122113904/https://newsletter.blockthreat.io/p/blockthreat-week-17-2022},
    journal={Blockthreat.io},
    publisher={Blockchain Threat Intelligence},
    author={Kacherginsky, Peter},
    year={2022},
    month={May}
}

@misc{attack-report:paraluni,
    title={Metaverse Project Paraluni Hacked: Reportedly \$1.7M Lost},
    url={https://web.archive.org/web/20241207010953/https://coincodecap.com/paraluni-hacked-reportedly-1-7m-lost},
    journal={CoinCodeCap},
    author={Girdhar, Chaahat},
    year={2022},
    month={Mar}
}

@misc{attack-report:grim-finance,
    title={Grim Finance - REKT},
    url={https://web.archive.org/web/20241207005748/https://rekt.news/grim-finance-rekt},
    journal={Rekt},
    author={Rekt},
    year={2021},
    month={Dec}
}

@misc{attack-report:dfx-finance,
    title={Decoding DFX Finance Exploit},
    url={https://web.archive.org/web/20250424033156/https://quillaudits.medium.com/decoding-dfx-finance-exploit-quillaudits-9a58f7b033d},
    journal={Medium},
    author={QuillAudits},
    year={2022},
    month={Nov}
}

@misc{attack-report:terra, 
    title={Terra IBC Hooks Exploit},
    url={https://web.archive.org/web/20241208081243/https://medium.com/@Rarma_/terra-ibc-hooks-exploit-21cca87d70a4},
    journal={Medium},
    author={Rarma},
    year={2024},
    month={Aug}
}

@misc{attack-report:sx,
    title={Analysis of the Vulnerability Found in the vaults.sx Smart Contract},
    url={https://web.archive.org/web/20241209034252/https://eoscostarica.medium.com/analysis-of-the-vulnerability-found-in-the-vaults-sx-smart-contract-445c8c968b5f},
    journal={Medium},
    author={{EOS Costa Rica}},
    year={2021},
    month={Jun}
}

@misc{attack-report:spankchain,
    title={How SpankChain Got Hacked},
    url={https://web.archive.org/web/20241207005350/https://medium.com/swlh/how-spankchain-got-hacked-af65b933393c},
    journal={Medium},
    author={Roan, Alex},
    year={2020},
    month={Mar}
}

@misc{attack-report:imbtc,
    title={imBTC \& ERC777: DeFi Hack Explained},
    url={https://web.archive.org/web/20250123171447/https://zengo.com/imbtc-defi-hack-explained/},
    journal={Zengo},
    publisher={Zengo - Bitcoin & Cryptocurrency Wallet},
    author={Be’ery, Tal},
    year={2020},
    month={Apr}
}

@misc{attack-report:curve,
    title={Curve Pool Reentrancy Exploit Postmortem July 30th, 2023 - HackMD},
    url={https://web.archive.org/web/20241208034705/https://hackmd.io/@LlamaRisk/BJzSKHNjn},
    journal={HackMD},
    author={Risk, Llama},
    year={2023},
    month={Aug}
}

@misc{vul-report:vyper,
    title={Vyper Nonreentrancy Lock Vulnerability Technical Post-Mortem Report - HackMD},
    url={https://web.archive.org/web/20241213102337/https://hackmd.io/@vyperlang/HJUgNMhs2},
    journal={HackMD},
    author={Vyperlang},
    year={2023},
    month={Aug}
}

@misc{attack-report:iron-finance,
    title={Not Just a Bank Run: New Evidence Shows Iron Finance Crashed Due to Code Exploit},
    url={https://web.archive.org/web/20241209040226/https://thedefiant.io/news/research-and-opinion/not-just-a-bank-run-new-evidence-shows-iron-finance-crashed-due-to-code-exploit},
    journal={Thedefiant.io},
    publisher={The Defiant},
    author={Eng, Herbert},
    year={2021},
    month={Jun}
}

@misc{attack-report:marketxyz,
    title={Decoding \$220K Read-only Reentrancy Exploit},
    url={https://web.archive.org/web/20241207005218/https://quillaudits.medium.com/decoding-220k-read-only-reentrancy-exploit-quillaudits-30871d728ad5},
    journal={Medium},
    author={QuillAudits},
    year={2022},
    month={Oct}
}

@misc{attack-report:midas-capital,
    title={Jarvis Polygon Pool Hack Analysis — Read Only Re-entrancy},
    url={https://blog.solidityscan.com/jarvis-polygon-pool-hack-analysis-read-only-re-entrancy-af0607e4585a},
    journal={Medium},
    publisher={SolidityScan},
    author={Shashank},
    year={2023},
    month={Jan}
}

@misc{attack-report:sentiment,
    title={Decoding Sentiment Protocol’s \$1 Million Exploit},
    url={https://web.archive.org/web/20241207005752/https://quillaudits.medium.com/decoding-sentiment-protocols-1-million-exploit-quillaudits-f36bee77d376},
    journal={Medium},
    author={QuillAudits},
    year={2023},
    month={Apr}
}


# Other Websites
@misc{ethereum-whitepaper,
    title={Ethereum: A Next-Generation Smart Contract and Decentralized Application Platform},
    url={https://web.archive.org/web/20241212083005/https://ethereum.org/content/whitepaper/whitepaper-pdf/Ethereum_Whitepaper_-_Buterin_2014.pdf},
    author={Buterin, Vitalik},
    year={2014},
    month={Dec}
}

@misc{top-smart-contract-attacks,
    title={OWASP Smart Contract Top 10 (2023)},
    url={https://web.archive.org/web/20241130202135/https://owasp.org/www-project-smart-contract-top-10/},
    journal={OWASP Foundation},
    author={OWASP},
    year={2024},
    month={Jun}
}

@misc{top-smart-contract-attacks-2025,
    title={OWASP Smart Contract Top 10 (2025)},
    url={https://web.archive.org/web/20250401011341/https://owasp.org/www-project-smart-contract-top-10/},
    journal={OWASP Foundation},
    author={OWASP},
    year={2025},
    month={Jan}
}

@misc{solidity-security-considerations,
    key={Solidity Security Considerations},
    title={Security Considerations - Solidity 0.8.28 Documentation},
    url={https://web.archive.org/web/20250424033851/https://docs.soliditylang.org/en/v0.8.28/security-considerations.html#reentrancy},
    journal={Soliditylang.org},
    year={2023},
    month={May}
}

@misc{checks-effects-interactions,
    title={Solidity Programming: The Checks-Effects-Interactions Pattern},
    url={https://web.archive.org/web/20250424034132/https://samvishwas.medium.com/solidity-programming-the-checks-effects-interactions-pattern-bac0e5a5f659},
    journal={Medium},
    author={Vishwas, Sam},
    year={2023},
    month={Mar}
}

@misc{chainlist,
    title={Chainlist},
    url={https://web.archive.org/web/20241207211327/https://chainlist.org/},
    journal={chainlist.org},
    author={ChainList},
    year={2024},
    month={Oct}
}

@misc{coingecko,
    title={Top Blockchains Ranked by Total Value Locked (TVL) | CoinGecko},
    url={https://web.archive.org/web/20241207215500/https://www.coingecko.com/en/chains},
    journal={CoinGecko},
    author={CoinGecko},
    year={2024}
}

@misc{etherscan,
    title={Ethereum (ETH) Blockchain Explorer},
    url={https://etherscan.io/},
    journal={Ethereum (ETH) Blockchain Explorer},
    author={Etherscan},
    year={2019}
}

@misc{erc20,
    title={EIP 20: ERC-20 Token Standard},
    url={https://web.archive.org/web/20241210055610/https://eips.ethereum.org/EIPS/eip-20},
    journal={Ethereum Improvement Proposals},
    author={Vogelsteller, Fabian and Buterin, Vitalik},
    year={2015},
    month={Nov}
}

@misc{erc721,
    title={EIP 721: ERC-721 Non-Fungible Token Standard},
    url={https://web.archive.org/web/20241210131044/https://eips.ethereum.org/EIPS/eip-721},
    journal={Ethereum Improvement Proposals},
    author={Entriken, William and Shirley, Dieter and Evans, Jacob and Sachs, Nastassia},
    year={2018},
    month={Jan}
}

@misc{erc777,
    title={EIP 777: ERC777 Token Standard},
    url={https://web.archive.org/web/20241205154726/https://eips.ethereum.org/EIPS/eip-777},
    journal={Ethereum Improvement Proposals},
    author={Dafflon, Jacques and Baylina, Jordi and Shababi, Thomas},
    year={2017},
    month={Nov}
}

@misc{erc1155,
    title={EIP 1155: ERC-1155 Multi Token Standard},
    url={https://web.archive.org/web/20241223163544/https://eips.ethereum.org/EIPS/eip-1155},
    journal={Ethereum Improvement Proposals},
    author={Radomski, Witek and Cooke, Andrew and Castonguay, Philippe and Therien, James and Binet, Eric and Sandford, Ronan},
    year={2018},
    month={Jun}
}

@misc{erc1967,
    title={EIP-1967: Standard Proxy Storage Slots},
    url={https://web.archive.org/web/20241223163545/https://eips.ethereum.org/EIPS/eip-1967},
    journal={Ethereum Improvement Proposals},
    publisher={Ethereum},
    author={Palladino, Santiago and Giordano, Francisco and Croubois, Hadrien},
    year={2019},
    month={Apr}
}

@misc{mempool,
    title={What Is a Mempool?},
    url={https://web.archive.org/web/20250424034604/https://www.alchemy.com/overviews/what-is-a-mempool},
    journal={Alchemy},
    publisher={Alchemy},
    author={Werkheiser, Brady},
    year={2022},
    month={Apr}
}

@misc{reentrancy-list-pcaversaccio,
    title={GitHub - pcaversaccio/reentrancy-attacks: A chronological and (hopefully) complete list of reentrancy attacks to date.},
    url={https://web.archive.org/web/20250105115624/https://github.com/pcaversaccio/reentrancy-attacks},
    journal={GitHub},
    author={pcaversaccio},
    year={2022}
}

@misc{blocksec-security-incidents,
    title={Security Incidents | Phalcon Explorer},
    url={https://app.blocksec.com/explorer/security-incidents},
    journal={Blocksec.com},
    author={BlockSec},
    year={2024}
}

@misc{tenderly,
    title={Tenderly Explorer},
    url={https://dashboard.tenderly.co/explorer},
    journal={Tenderly.co},
    author={Tenderly},
    year={2024}
}

@misc{slowmist-hacked,
    title={SlowMist Hacked - SlowMist Zone},
    url={https://web.archive.org/web/20250122072857/https://hacked.slowmist.io/?c=Blockchain},
    journal={Slowmist.io},
    author={SlowMist},
    year={2024}
}

@book{rug-pull-report,
    title={The 2022 Rug Pull Report},
    url={https://web.archive.org/web/20241226164934/https://www.soliduslabs.com/reports/rug-pull-report},
    publisher={Solidus Labs},
    institution={Solidus Labs},
    author={{Solidus Labs}},
    year={2022},
    month={Dec}
}

@misc{the-dao-analysis,
    title={The DAO Hack Explained | All The Details of Infamous Attack},
    url={https://web.archive.org/web/20241210091318/https://cryptodose.net/learn/the-dao-hack/},
    journal={CryptoDose},
    author={Minaev, Artem},
    year={2023},
    month={Jun}
}

@misc{reentrancy-guard,
    title={Shield Your Smart Contracts with a Robust Reentrancy Guard},
    url={https://web.archive.org/web/20250424034813/https://immunebytes.com/blog/shield-your-smart-contracts-with-a-robust-reentrancy-guard/},
    journal={ImmuneBytes},
    author={ImmuneBytes},
    year={2022},
    month={Sep}
}

@misc{solana-vs-ethereum,
    title={Solana vs. Ethereum: the Battle for Dominance},
    url={https://web.archive.org/web/20250424035103/https://www.analyticsinsight.net/ethereum/solana-vs-ethereum-the-battle-for-dominance},
    journal={Analytics Insight},
    author={Sharma, Pradeep},
    year={2024},
    month={Nov}
}

@misc{solana-security,
    title={Solana. Top Vulnerabilities},
    url={https://web.archive.org/web/20250424035334/https://defisec.info/solana_top_vulnerabilities},
    journal={Defi Security Alliance},
    author={0xGuard},
    year={2022}
}

% all of its examples are reentrant withdraw + low-level call + fallback
@misc{smart-contract-security-field-guide,
    key={Smart Contract Security Field Guide},
    title={Smart Contract Security Field Guide - Reentrancy},
    url={https://web.archive.org/web/20241204130326/https://scsfg.io/hackers/reentrancy/},
    journal={scsfg.io},
    year={2025},
    month={Feb}
}

% a reddit question raised by a solidity dev
@misc{reddit-disable-reentrant-behavior,
    key={Disable reentrant behavior},
    title={Why doesn't solidity disable reentrant behavior at the compiler level?},
    url={https://www.reddit.com/r/ethdev/comments/15hmwze/why_doesnt_solidity_disable_reentrant_behavior_at/},
    journal={reddit.com},
    year={2023},
    month={August}
}

@misc{immunefi-ultimate-guide,
    key={The Ultimate Guide To Reentrancy},
    title={The Ultimate Guide To Reentrancy},
    url={https://web.archive.org/web/20241224174646/https://medium.com/immunefi/the-ultimate-guide-to-reentrancy-19526f105ac},
    journal={medium.com},
    year={2023},
    month={May}
}

@misc{contracts-deployment-stats,
    title={Smart Contract Deployment Statistics},
    url={https://dune.com/pcaversaccio/smart-contract-deployment-statistics}, journal={Dune},
    author={pcaversaccio},
    year={2023},
    month={Apr}
}